@article{Cpp_turing_complete,
author = {L. Veldhuizen, Todd},
year = {2003},
month = {07},
pages = {},
title = {C++ Templates are Turing Complete}
}

@online{Cpp_snake_compile_time,
author={mattbierner},
title={Compile Time C++ Snake Game},
year={2015},
url={https://github.com/mattbierner/STT-C-Compile-Time-Snake/blob/master/README.md},
urldate={2019-03-02}
}